
@MISC{mkl,
	HOWPUBLISHED = "\texttt{https://software.intel.com/en-us/mkl/choose-download/linux}",
	AUTHOR = "Intel\textsuperscript{\textregistered} MKL Library",
	TITLE = "",
	MONTH = "",
	YEAR = "",
	NOTE = ""
}

@MISC{openBLAS,
	HOWPUBLISHED = "\texttt{https://github.com/xianyi/OpenBLAS/wiki/Installation-Guide}",
	AUTHOR = "OpenBLAS Library",
	TITLE = "",
	MONTH = "",
	YEAR = "",
	NOTE = ""
}